@misc{fresenius_ai_ckd,
  author = {Fresenius Medical Care},
  title = {5 Ways Artificial Intelligence (AI) Is Impacting Kidney Disease},
  year = {2024},
  url = {https://www.freseniusmedicalcare.com/en-us/insights/articles/5-ways-artificial-intelligence-ai-impacting-kidney-disease/},
  note = {Consultado en mayo de 2025}
}

@misc{bcrf_ai_breast_cancer,
  author = {Breast Cancer Research Foundation},
  title = {AI Breast Cancer Detection and Diagnosis},
  year = {2024},
  url = {https://www.bcrf.org/blog/ai-breast-cancer-detection-screening/},
  note = {Consultado en mayo de 2025}
}

@misc{tribe_ai_hospital_resource,
  author = {Tribe AI},
  title = {AI in Hospital Resource Management: How It Enhances and Reduces Costs},
  year = {2024},
  url = {https://www.tribe.ai/applied-ai/ai-and-hospital-resource-management},
  note = {Consultado en mayo de 2025}
}
 @misc{ Revo2023,
    title={Revolutionizing Healthcare: The role of
    Artificial Intelligence in Clinical Practice - BMC Medical Education},
    url={https://bmcmededuc.biomedcentral.com/articles/10.1186/s12909-023-04698-z},
    journal={BioMed Central}, publisher={BioMed Central}, author={Alowais,
    Shuroug A. and Alghamdi, Sahar S. and Alsuhebany, Nada and Alqahtani, Tariq
    and Alshaya, Abdulrahman I. and Almohareb, Sumaya N. and Aldairem, Atheer
    and Alrashed, Mohammed and Bin Saleh, Khalid and Badreldin, Hisham A. and
    et al.}, year={2023}, month={Sep}
}
@misc{Luka2021,
    title={Breast cancer-epidemiology, risk factors, classification, prognostic markers, and current treatment strategies-an updated review},
 url={https://pmc.ncbi.nlm.nih.gov/articles/PMC8428369/},
 journal={Cancers},
 publisher={U.S. National Library of Medicine},
 author={Łukasiewicz, Sergiusz and Czeczelewski, Marcin and Forma, Alicja and Baj, Jacek and Sitarz, Robert and Stanisławek, Andrzej},
 year={2021},
 month={Aug}}
