#Testing
@misc{promptadvanceChatGPTPrompts,
	author = {Bernard Bardo},
	title = {10 {C}hat{G}{P}{T} {P}rompts for {P}owerful {A}cademic {W}riting ---
    promptadvance.club},
	howpublished = {\url{https://promptadvance.club/blog/chat-gpt-prompts-for-academic-writing}},
	year = {2025},
    month = {marzo},
    note = {Consultado el {10} de {mayo} de {2025}}
}
@misc{techpointBestChatGPT,
	author = {Ifeoma Joy Okorie},
	title = {{M}y best {C}hat{G}{P}{T} prompts for academic writing --- techpoint.africa},
	howpublished = {\url{https://techpoint.africa/guide/best-chatgpt-
    prompts-for-academic-writing/}},
	year = {2025},
    note = {Consultado el {10} de {mayo} de {2025}}
}

@misc{githubGitHubAhmetbersozchatgptpromptsforacademicwriting,
	author = {ahmetbersoz},
	title = {{G}it{H}ub - ahmetbersoz/chatgpt-prompts-for-academic-writing: {T}his list of writing prompts covers a range of topics and tasks, including brainstorming research ideas, improving language and style, conducting literature reviews, and developing research plans. --- github.com},
	howpublished = {\url{https://github.com/ahmetbersoz/chatgpt-prompts-for-academic-writing}},
    note = {Consultado el {10} de {mayo} de {2025}}
}
@misc{clinicauandes2023,
  author = {{Clínica Universidad de los Andes}},
  title = {En Chile, 10\% de los adultos tiene una enfermedad renal crónica},
  year = {2023},
  url = {https://www.clinicauandes.cl/noticia/en-chile
    -10-de-los-adultos-tiene-una-enfermedad-renal-cronica}
}

@misc{elsevier\_sin\_fecha,
  author = {Elsevier},
  title = {Enfermedad renal crónica: epidemiología y factores de riesgo},
  year = {s.f.},
  url = {https://www.elsevier.es/es-revista-revista-medica-clinica-las-condes-202-articulo-enfermedad-renal-cronica-epidemiologia-factores-S0716864010705654}
}

@misc{nefrologiaaldia2023,
  author = {Nefrología al Día},
  title = {ARTIFICIAL: La Nueva Inteligencia y su Aplicación en Nefrología},
  year = {2023},
  url = {https://www.nefrologiaaldia.org/es-articulo-artificial-la-nueva-inteligencia-su-609}
}

@article{AETSA,
  author = {AETSA},
  title = {Herramienta de ayuda a la toma de decisiones de pacientes susceptibles de diálisis},
  publisher = {AETSA},
  url = {https://www.aetsa.org/download/publicaciones/antiguas/\\AETSA\_2009-8\_HATD\_ERC.pdf},
  note = {Consultado el {10} de {mayo} de {2025}}
}

@misc{AmericanKidneyFund,
  title = {Las pruebas de detección de la enfermedad renal},
  publisher = {American Kidney Fund},
  url = {https://www.kidneyfund.org/es/todo-sobre-los-rinones/las-pruebas-de-deteccion-de-la-enfermedad-renal},
  note = {Consultado el {10} de {mayo} de {2025}}
}

@article{BelurNagaraj2020,
  author = {Belur Nagaraj, S. and Pena, M. J. and Ju, W. and The BEAt-DKD Consortium},
  title = {Machine-learning-based early prediction of end-stage renal disease in patients with diabetic kidney disease using clinical trials data},
  journal = {Diabetes, Obesity and Metabolism},
  volume = {22},
  number = {12},
  pages = {2479--2486},
  year = {2020}
}


@article{GallardoVidal2016,
  author = {Gallardo Vidal, L. S.},
  title = {Utilidad de un modelo de predicción para la enfermedad renal crónica en una unidad de primer nivel de atención},
  journal = {Nefrología},
  volume = {36},
  number = {2},
  pages = {196--200},
  year = {2016}
}

@book{MinisterioSaludChile2010,
  author = {{Ministerio de Salud de Chile}},
  title = {Guía Clinica 2010 Prevención Enfermedad Renal Crónica},
  publisher = {Subsecretaría de Salud Pública},
  year = {2010},
  url = {https://www.superdesalud.gob.cl/difusion/572/articles-6453\_recurso\_1.pdf},
  note = {Consultado el {10} de {mayo} de {2025}}
}

@misc{EscalonaGonzales1,
  author = {Escalona Gonzalez},
  title = {Inteligencia artificial en la prediccion de mortalidad por enfermedad renal cronica},
  journal = {Anales de la Academia de Ciencias de Cuba},
  volume = {12},
  number = {3},
  year = {2022},
  note = {Consultado el {10} de {mayo} de {2025}}
}

@article{PillajoSanchez2021,
  author = {Pillajo Sánchez, B. L. and Guacho Guacho, J. S. and Moya Guerrero, I. R.},
  title = {La enfermedad renal crónica. Revisión de la literatura y experiencia local en una ciudad de Ecuador},
  journal = {Revista de Ciencias de la Salud},
  volume = {5},
  number = {1},
  pages = {396--409},
  year = {2021}
}

@misc{SysmexEspana,
  author = {SysmexEspaña},
  title = {La importancia de la detección precoz de la Enfermedad Renal Crónica},
  publisher = {Sysmex España},
  url = {https://www.sysmex.es/academia/centro-de-conocimiento/sysmex-blog/urianalisis\\
    /dia-mundial-del-rinon-2022/},
  note = {Consultado el {10} de {mayo} de {2025}}
}
@article{Breiman2001,
  author = {Breiman, L.},
  title = {Random Forests},
  journal = {Machine Learning},
  volume = {45},
  number = {1},
  pages = {5--32},
  year = {2001}
}

@inproceedings{Chen2016,
  author = {Chen, T. and Guestrin, C.},
  title = {{XGBoost}: A Scalable Tree Boosting System},
  booktitle = {Proceedings of the 22nd ACM SIGKDD International Conference on Knowledge Discovery and Data Mining},
  pages = {785--794},
  year = {2016},
  publisher = {ACM}
}

@article{Chen2020,
  author = {Chen, W. and Zhang, Z. and Ma, K. and Feng, D.},
  title = {Ethical Issues of Using Artificial Intelligence in Healthcare: A Systematic Review},
  journal = {Journal of Medical Internet Research},
  volume = {22},
  number = {12},
  pages = {e18200},
  year = {2020}
}

@article{Cortes1995,
  author = {Cortes, C. and Vapnik, V.},
  title = {Support-Vector Networks},
  journal = {Machine Learning},
  volume = {20},
  number = {3},
  pages = {273--297},
  year = {1995}
}

@inproceedings{Davis2006,
  author = {Davis, J. and Goadrich, M.},
  title = {The Relationship Between Precision-Recall and {ROC} Curves},
  booktitle = {Proceedings of the 23rd International Conference on Machine Learning},
  pages = {233--240},
  year = {2006},
  publisher = {ACM}
}

@article{Fawcett2006,
  author = {Fawcett, T.},
  title = {An Introduction to {ROC} Analysis},
  journal = {Pattern Recognition Letters},
  volume = {27},
  number = {8},
  pages = {861--874},
  year = {2006}
}

@book{Garcia2018,
  author = {García, C. and Romero, J.},
  title = {Preprocesamiento de Datos para Machine Learning},
  publisher = {Editorial Universitaria},
  year = {2018}
}

@book{Goodfellow2016,
  author = {Goodfellow, I. and Bengio, Y. and Courville, A.},
  title = {Deep Learning},
  publisher = {MIT Press},
  year = {2016}
}

@book{Hosmer2013,
  author = {Hosmer, D. W. and Lemeshow, S. and Sturdivant, R. X.},
  title = {Applied Logistic Regression},
  edition = {3},
  publisher = {John Wiley \& Sons},
  year = {2013}
}

@book{James2013,
  author = {James, G. and Witten, D. and Hastie, T. and Tibshirani, R.},
  title = {An Introduction to Statistical Learning with Applications in R},
  publisher = {Springer},
  year = {2013}
}

@book{Kuhn2013,
  author = {Kuhn, M. and Johnson, K.},
  title = {Applied Predictive Modeling},
  publisher = {Springer},
  year = {2013}
}

@article{Zhang2011,
  author = {Zhang, J. and Johnson, T. R. and Turley, J. P. and Hogan, J. and Palmer, R. M. and Gabriel, A.},
  title = {The Role of Usability in Clinical Decision Support},
  journal = {AMIA Joint Summits on Translational Science},
  volume = {2011},
  pages = {142--146},
  year = {2011}
}
    @book{hernandez2018metodologia,
  title={Metodología de la investigación: las rutas cuantitativa, cualitativa y mixta},
  author={Hernández-Sampieri, Roberto and Mendoza-Torres, Christian Paulina},
  year={2018},
  publisher={McGraw-Hill Interamericana}
}

@article{emanuel2020ethical,
  title={Ethical and regulatory aspects of clinical research: Readings and commentary},
  author={Emanuel, Ezekiel J and Grady, Christine and Crouch, Robert A and Lie, Reidar K and Miller, Franklin G and Wendler, David},
  journal={Johns Hopkins University Press},
  year={2020}
}

@book{kuhn2019feature,
  title={Feature engineering and selection: A practical approach for predictive models},
  author={Kuhn, Max and Johnson, Kjell},
  year={2019},
  publisher={CRC Press}
}

@article{buuren2011mice,
  title={mice: Multivariate imputation by chained equations in R},
  author={Buuren, Stef and Groothuis-Oudshoorn, Karin},
  journal={Journal of statistical software},
  volume={45},
  number={3},
  pages={1--67},
  year={2011}
}

@book{geron2019hands,
  title={Hands-on machine learning with Scikit-Learn, Keras, and TensorFlow: Concepts, tools, and techniques to build intelligent systems},
  author={Géron, Aurélien},
  year={2019},
  publisher={O'Reilly Media, Inc.}
}

@book{brownlee2020data,
  title={Data Preparation for Machine Learning: Data Cleaning, Feature Selection, and Data Transforms in Python},
  author={Brownlee, Jason},
  year={2020},
  publisher={Machine Learning Mastery}
}

@book{hastie2009elements,
  title={The elements of statistical learning: data mining, inference, and prediction},
  author={Hastie, Trevor and Tibshirani, Robert and Friedman, Jerome},
  year={2009},
  publisher={Springer Science \& Business Media}
}

@article{guyon2003introduction,
  title={An introduction to variable and feature selection},
  author={Guyon, Isabelle and Elisseeff, André},
  journal={Journal of machine learning research},
  volume={3},
  number={Mar},
  pages={1157--1182},
  year={2003}
}

@article{tibshirani1996regression,
  title={Regression shrinkage and selection via the lasso},
  author={Tibshirani, Robert},
  journal={Journal of the Royal Statistical Society: Series B (Methodological)},
  volume={58},
  number={1},
  pages={267--288},
  year={1996},
  publisher={Wiley Online Library}
}

@article{breiman2001random,
  title={Random forests},
  author={Breiman, Leo},
  journal={Machine learning},
  volume={45},
  number={1},
  pages={5--32},
  year={2001},
  publisher={Springer}
}

@article{kohavi1997wrappers,
  title={Wrappers for feature subset selection},
  author={Kohavi, Ron and John, George H},
  journal={Artificial intelligence},
  volume={97},
  number={1-2},
  pages={273--324},
  year={1997},
  publisher={Elsevier}
}

@book{raschka2019python,
  title={Python machine learning: Machine learning and deep learning with Python, scikit-learn, and TensorFlow 2},
  author={Raschka, Sebastian and Mirjalili, Vahid},
  year={2019},
  publisher={Packt Publishing Ltd}
}

@book{hosmer2013applied,
  title={Applied logistic regression},
  author={Hosmer Jr, David W and Lemeshow, Stanley and Sturdivant, Rodney X},
  year={2013},
  publisher={John Wiley \& Sons}
}

@article{quinlan1986induction,
  title={Induction of decision trees},
  author={Quinlan, J. Ross},
  journal={Machine learning},
  volume={1},
  number={1},
  pages={81--106},
  year={1986},
  publisher={Springer}
}

@inproceedings{chen2016xgboost,
  title={Xgboost: A scalable tree boosting system},
  author={Chen, Tianqi and Guestrin, Carlos},
  booktitle={Proceedings of the 22nd acm sigkdd international conference on knowledge discovery and data mining},
  pages={785--794},
  year={2016}
}

@book{goodfellow2016deep,
  title={Deep learning},
  author={Goodfellow, Ian and Bengio, Yoshua and Courville, Aaron},
  year={2016},
  publisher={MIT press}
}

@article{cortes1995support,
  title={Support-vector networks},
  author={Cortes, Corinna and Vapnik, Vladimir},
  journal={Machine learning},
  volume={20},
  number={3},
  pages={273--297},
  year={1995},
  publisher={Springer}
}

@article{bergstra2012random,
  title={Random search for hyper-parameter optimization},
  author={Bergstra, James and Bengio, Yoshua},
  journal={Journal of machine learning research},
  volume={13},
  number={Feb},
  pages={281--305},
  year={2012}
}

@article{snoek2012practical,
  title={Practical bayesian optimization of machine learning algorithms},
  author={Snoek, Jasper and Larochelle, Hugo and Adams, Ryan P},
  journal={Advances in neural information processing systems},
  volume={25},
  year={2012}
}

@article{powers2011evaluation,
  title={Evaluation: from precision, recall and F-measure to ROC, informedness, markedness and correlation},
  author={Powers, David Martin},
  journal={Journal of Machine Learning Technologies},
  volume={2},
  number={1},
  pages={37--63},
  year={2011}
}

@article{fawcett2006introduction,
  title={An introduction to ROC analysis},
  author={Fawcett, Tom},
  journal={Pattern recognition letters},
  volume={27},
  number={8},
  pages={861--874},
  year={2006},
  publisher={Elsevier}
}

@inproceedings{davis2006relationship,
  title={The relationship between Precision-Recall and ROC curves},
  author={Davis, Jesse and Goadrich, Mark},
  booktitle={Proceedings of the 23rd international conference on Machine learning},
  pages={233--240},
  year={2006}
}

@article{alba2017discrimination,
  title={Discrimination and calibration of clinical prediction models: users' guides to the medical literature},
  author={Alba, Ana Carolina and Agoritsas, Thomas and Walsh, Michael and Hanna, Steven and Iorio, Alfonso and Devereaux, Philip J and McGinn, Thomas and Guyatt, Gordon},
  journal={Jama},
  volume={318},
  number={14},
  pages={1377--1384},
  year={2017},
  publisher={American Medical Association}
}

@article{brier1950verification,
  title={Verification of forecasts expressed in terms of probability},
  author={Brier, Glenn W},
  journal={Monthly weather review},
  volume={78},
  number={1},
  pages={1--3},
  year={1950}
}

@book{molnar2020interpretable,
  title={Interpretable machine learning},
  author={Molnar, Christoph},
  year={2020},
  publisher={Lulu. com}
}

@article{lundberg2017unified,
  title={A unified approach to interpreting model predictions},
  author={Lundberg, Scott M and Lee, Su-In},
  journal={Advances in neural information processing systems},
  volume={30},
  year={2017}
}

@inproceedings{ribeiro2016should,
  title={" Why should I trust you?" Explaining the predictions of any classifier},
  author={Ribeiro, Marco Tulio and Singh, Sameer and Guestrin, Carlos},
  booktitle={Proceedings of the 22nd ACM SIGKDD international conference on knowledge discovery and data mining},
  pages={1135--1144},
  year={2016}
}

@article{friedman2001greedy,
  title={Greedy function approximation: a gradient boosting machine},
  author={Friedman, Jerome H},
  journal={Annals of statistics},
  pages={1189--1232},
  year={2001},
  publisher={JSTOR}
}

@article{steyerberg2016prediction,
  title={Prediction models need appropriate internal, internal-external, and external validation},
  author={Steyerberg, Ewout W and Harrell, Frank E},
  journal={Journal of clinical epidemiology},
  volume={69},
  pages={245--247},
  year={2016},
  publisher={Elsevier}
}

@article{collins2015external,
  title={External validation of multivariable prediction models: a systematic review of methodological conduct and reporting},
  author={Collins, Gary S and de Groot, Joris A and Dutton, Susan and Omar, Omar and Shanyinde, Milensu and Tajar, Abdelouahid and Voysey, Merryn and Wharton, Rose and Yu, Ly-Mee and Moons, Karel G and others},
  journal={BMC medical research methodology},
  volume={14},
  number={1},
  pages={1--11},
  year={2015},
  publisher={BioMed Central}
}

@article{sendak2020path,
  title={A path for translation of machine learning products into healthcare delivery},
  author={Sendak, Mark P and Gao, Michael and Brajer, Nathan and Balu, Suresh},
  journal={EMJ Innov},
  volume={5},
  pages={1--5},
  year={2020}
}

@article{johnson2005designing,
  title={Designing with the mind in mind: Simple guide to understanding user interface design guidelines},
  author={Johnson, Jeff},
  journal={Morgan Kaufmann},
  year={2005}
}

@article{caruana2015intelligible,
  title={Intelligible models for healthcare: Predicting pneumonia risk and hospital 30-day readmission},
  author={Caruana, Rich and Lou, Yin and Gehrke, Johannes and Koch, Paul and Sturm, Marc and Elhadad, Noemie},
  journal={Proceedings of the 21th ACM SIGKDD International Conference on Knowledge Discovery and Data Mining},
  pages={1721--1730},
  year={2015}
}

@article{sutton2020overview,
  title={An overview of clinical decision support systems: benefits, risks, and strategies for success},
  author={Sutton, Robert T and Pincock, David and Baumgart, Daniel C and Sadowski, Daniel C and Fedorak, Richard N and Kroeker, Karen I},
  journal={NPJ Digital Medicine},
  volume={3},
  number={1},
  pages={1--10},
  year={2020},
  publisher={Nature Publishing Group}
}

@article{brooke1996sus,
  title={SUS-A quick and dirty usability scale},
  author={Brooke, John},
  journal={Usability evaluation in industry},
  volume={189},
  number={194},
  pages={4--7},
  year={1996}
}

@article{matheny2020artificial,
  title={Artificial intelligence in health care: The hope, the hype, the promise, the peril},
  author={Matheny, Michael and Thadaney Israni, Sonoo and Ahmed, Mahnoor and Whicher, Danielle},
  journal={NAM Special Publication. Washington, DC: National Academy of Medicine},
  volume={154},
  year={2020}
}

@article{greenhalgh2017beyond,
  title={Beyond adoption: a new framework for theorizing and evaluating nonadoption, abandonment, and challenges to the scale-up, spread, and sustainability of health and care technologies},
  author={Greenhalgh, Trisha and Wherton, Joseph and Papoutsi, Chrysanthi and Lynch, Jennifer and Hughes, Gemma and A'Court, Christine and Hinder, Susan and Fahy, Nick and Procter, Rob and Shaw, Sara},
  journal={Journal of medical Internet research},
  volume={19},
  number={11},
  pages={e367},
  year={2017},
  publisher={JMIR Publications Inc., Toronto, Canada}
}

@article{brakewood2013ethical,
  title={The ethical dimensions of neuromarketing},
  author={Brakewood, Beth and Poldrack, Russell A},
  journal={Trends in cognitive sciences},
  volume={17},
  number={2},
  pages={62--64},
  year={2013},
  publisher={Elsevier}
}

@article{cohen2018hipaa,
  title={HIPAA and protecting health information in the 21st century},
  author={Cohen, I Glenn and Mello, Michelle M},
  journal={Jama},
  volume={320},
  number={3},
  pages={231--232},
  year={2018},
  publisher={American Medical Association}
}

@article{obermeyer2019dissecting,
  title={Dissecting racial bias in an algorithm used to manage the health of populations},
  author={Obermeyer, Ziad and Powers, Brian and Vogeli, Christine and Mullainathan, Sendhil},
  journal={Science},
  volume={366},
  number={6464},
  pages={447--453},
  year={2019},
  publisher={American Association for the Advancement of Science}
}

@article{char2018implementing,
  title={Implementing machine learning in health care—addressing ethical challenges},
  author={Char, Danton S and Shah, Nigam H and Magnus, David},
  journal={The New England journal of medicine},
  volume={378},
  number={11},
  pages={981},
  year={2018},
  publisher={NIH Public Access}
}

@article{benjamini1995controlling,
  title={Controlling the false discovery rate: a practical and powerful approach to multiple testing},
  author={Benjamini, Yoav and Hochberg, Yosef},
  journal={Journal of the Royal statistical society: series B (Methodological)},
  volume={57},
  number={1},
  pages={289--300},
  year={1995},
  publisher={Wiley Online Library}
}

@article{gardner1986confidence,
  title={Confidence intervals rather than P values: estimation rather than hypothesis testing.},
  author={Gardner, Martin J and Altman, Douglas G},
  journal={British medical journal (Clinical research ed.)},
  volume={292},
  number={6522},
  pages={746--750},
  year={1986},
  publisher={BMJ Publishing Group}
}

@book{saltelli2008global,
  title={Global sensitivity analysis: the primer},
  author={Saltelli, Andrea and Ratto, Marco and Andres, Terry and Campolongo, Francesca and Cariboni, Jessica and Gatelli, Debora and Saisana, Michaela and Tarantola, Stefano},
  year={2008},
  publisher={John Wiley \& Sons}
}

@article{dingsoyr2012decade,
  title={A decade of agile methodologies: Towards explaining agile software development},
  author={Dingsøyr, Torgeir and Nerur, Sridhar and Balijepally, VenuGopal and Moe, Nils Brede},
  journal={Journal of Systems and Software},
  volume={85},
  number={6},
  pages={1213--1221},
  year={2012},
  publisher={Elsevier}
}
