% JupyterLab
@misc{jupyterlab_docs,
  title = {JupyterLab Documentation},
  author = {{JupyterLab Team}},
  year = {2023},
  url = { https://jupyterlab.readthedocs.io/},
  note = {Accedido: Mayo 2025}
}

@article{granger2021jupyterlab,
  title = {JupyterLab: Building Blocks for Interactive Computing},
  author = {Granger, Brian E. and Kluyver, Thomas and Ragan-Kelley, Min},
  journal = {Computing in Science \& Engineering},
  volume = {23},
  number = {2},
  pages = {7--14},
  year = {2021},
  publisher = {IEEE}
}

@misc{jupyter_blog_2021,
  author = {Project Jupyter},
  title = {JupyterLab 3.0 is released!},
  year = {2021},
 url = {https://blog.jupyter.org/jupyterlab-3-0-is-released-4f58385e25bb},
  note = {Accedido: Mayo 2025}
}

% Google Colab
@misc{google_colab_docs,
  title = {Welcome to Colaboratory},
  author = {{Google Research}},
  year = {2024},
  url = {https://colab.research.google.com/notebooks/welcome.ipynb},
  note = {Accedido: Mayo 2025}
}

@misc{colab_faqs,
  title = {Colaboratory Frequently Asked Questions},
  author = {{Google Research}},
  year = {2024},
  url = {https://research.google.com/colaboratory/faq.html},
  note = {Accedido: Mayo 2025}
}

@misc{bisong2019google,
  title = {Google Colaboratory},
  author = {Bisong, Ekaba},
  booktitle = {Building Machine Learning and Deep Learning Models on Google Cloud Platform},
  pages = {59--64},
  year = {2019},
  publisher = {Springer}
}

% DeepNote
@misc{deepnote_docs,
  title = {DeepNote Documentation},
  author = {{DeepNote Team}},
  year = {2024},
  url = {https://docs.deepnote.com/},
  note = {Accedido: Mayo 2025}
}

@online{deepnote_features,
  title = {Features - Everything you need for data science in one place},
  author = {{DeepNote}},
  year = {2024},
  url = {https://deepnote.com/features},
  note = {Accedido: Mayo 2025}
}

@online{deepnote_blog_collaboration,
  title = {Real-time Collaboration for Data Science Teams},
  author = {{DeepNote}},
  year = {2023},
  url = {https://deepnote.com/blog/real-time-collaboration-for-data-science},
  note = {Accedido: Mayo 2025}
}

% Kaggle
@misc{kaggle_notebooks,
  title = {Kaggle Notebooks Documentation},
  author = {{Kaggle Team}},
  year = {2024},
  url = {https://www.kaggle.com/docs/notebooks},
  note = {Accedido: Mayo 2025}
}

@online{kaggle_kernels_overview,
  title = {Introduction to Kaggle Kernels},
  author = {Kaggle},
  year = {2023},
  url = {https://www.kaggle.com/getting-started/44939},
  note = {Accedido: Mayo 2025}
}

@inproceedings{kaggle_community_learning,
  author = {Whitehill, Jacob},
  title = {Climbing the Kaggle Leaderboard by Exploiting the Log-Loss Oracle},
  booktitle = {Workshop on Data Science for Social Good},
  year = {2018},
  publisher = {ACM}
}

% Comparativas entre herramientas
@misc{medium_comparison_2024,
  author = {Johnson, Alex},
  title = {Comparing Data Science Notebook Environments in 2024: Jupyter vs Colab vs DeepNote vs Kaggle},
  year = {2024},
  url =
{https://towardsdatascience.com/comparing-data-science-notebook\\-environments-in-2024-jupyter-vs-colab-vs-deepnote-vs-kaggle\\-db1e01bd6a56},
  note = {Accedido: Mayo 2025}
}

@online{reddit_ds_environments,
  author = {r/datascience},
  title = {Google Colab vs Jupyter vs Kaggle vs DeepNote - which is better for what?},
  year = {2023},
  url = {https://www.reddit.com/r/datascience/comments/s8mfhv/google_colab_vs_jupyter_vs_kaggle_vs_deepnote/},
  note = {Accedido: Mayo 2025}
}

@misc{youtube_comparison_2023,
  title = {Top 5 Jupyter Notebook Alternatives for 2023},
  author = {DataCamp},
  year = {2023},
  howpublished = {Video},
  url = {https://www.youtube.com/watch?v=t7ZlhOBa_GY},
  note = {Accedido: Mayo 2025}
}

@online{towards_ds_cloud_notebooks,
  author = {Li, Susan},
  title = {A Comprehensive Guide to Cloud Notebooks for Data Science},
  year = {2023},
  url = {https://towardsdatascience.com/a-comprehensive-guide-to-cloud-notebooks-for-data-science-f7fbca30b229},
  note = {Accedido: Mayo 2025}
}

@inproceedings{perkel2018jupyter,
  title = {Why Jupyter is data scientists' computational notebook of choice},
  author = {Perkel, Jeffrey M},
  journal = {Nature},
  volume = {563},
  number = {7732},
  pages = {145--147},
  year = {2018},
  publisher = {Nature Publishing Group}
}

@book{cady2020data,
  title = {Data Science in the Cloud with Microsoft Azure Machine Learning and Python},
  author = {Cady, Field},
  year = {2020},
  publisher = {O'Reilly Media}
}

@online{kaggle_vs_colab_2022,
  author = {Analytics Vidhya},
  title = {Kaggle vs. Google Colab: Which One to Choose for Your Data Science Projects},
  year = {2022},
  url = {https://www.analyticsvidhya.com/blog/2022/05/kaggle-vs-google-colab-which-one-to-choose-for-your-data-science-projects/},
  note = {Accedido: Mayo 2025}
}

@online{deepnote_vs_jupyter_2023,
  author = {Martínez, Carlos},
  title = {DeepNote vs JupyterLab: Una comparación exhaustiva para científicos de datos},
  year = {2023},
  url = {https://medium.com/@carlos.martinez/deepnote-vs-jupyterlab-comparing-modern-data-science-environments-e8d11c9c5b5c},
  note = {Accedido: Mayo 2025}
}

@misc{jupyter2024,
  author = {{Project Jupyter}},
  title = {Jupyter Notebook: Try Jupyter},
  year = {2024},
  url = {  https://jupyter.org/try},
  note = {Accessed: 2025-05-10}
}

@misc{reddit2021,
  author = { u/intellectual-citizen },
  title = {Is Google Colab good enough?},
  year = {2021},
  url =
{https://www.reddit.com/r/learnpython/comments/lwdte7/\\is\_google\_colab\_good\_enough/},
  note = {Accessed: 2025-05-10}
}
    @misc{kaggle_origin,
  author = {{Kaggle}},
  title = {Kaggle: Competitions, Datasets, and Discussions},
  year = {2024},
  url = {https://www.kaggle.com/about},
  note = {Accessed: 2025-05-10}
}

@misc{kaggle_docs,
  author = {{Kaggle}},
  title = {Kaggle Documentation},
  year = {2024},
  url = {https://www.kaggle.com/docs},
  note = {Accessed: 2025-05-10}
}

@misc{kaggle_features,
  author = {{Kaggle}},
  title = {Features of Kaggle Notebooks},
  year = {2024},
  url = {https://www.kaggle.com/product},
  note = {Accessed: 2025-05-10}
}

@misc{kaggle_datasets,
  author = {{Kaggle}},
  title = {Explore Datasets on Kaggle},
  year = {2024},
  url = {https://www.kaggle.com/datasets},
  note = {Accessed: 2025-05-10}
}

@misc{kaggle_limitations,
  author = {{Kaggle Support}},
  title = {Kaggle Notebook Limitations (Memory, Timeouts)},
  year = {2024},
  url = {https://www.kaggle.com/general/240676},
  note = {Accessed: 2025-05-10}
}

